@ONLINE{who,
		author = {World Health Organization},
		title = {Obesity and overweight},
		month = Mar,
		year = {2013},
		url = {http://www.who.int/mediacentre/factsheets/fs311/en/}
		}
		
@ONLINE{20,
		author = {Nielsen},
		title = {HOW AMERICANS ARE SPENDING THEIR MEDIA TIME... AND MONEY},
		month = Mar,
		year = {2013},
		url = {http://www.nielsen.com/us/en/newswire/2012/report-how-americans-are-spending-their-media-time-and-money.html}
		}
		
@ONLINE{21,
		author = {Organization for Economic Co-operation},
		title = {Special Focus: Measuring Leisurein OECD Countries},
		year = {2009},
		url = {http://www.oecd.org/berlin/42675407.pdf}
		}
		
@ONLINE{14,
		author = {World Health Organization},
		title = {Society at a Glance},
		year = {2009},
		url = {http://www.oecd.org/berlin/42675407.pdf}
		}

@ONLINE{4,
		author = {US National Library of Medicine},
		title = {Sedentary Behaviors Increase Risk of Cardiovascular Disease Mortality in Men},
		year = {2010},
		url = {http://www.ncbi.nlm.nih.gov/pmc/articles/PMC2857522/}
		}

@ONLINE{3,
		author = {A global breif on hypertension},
		title = {Sedentary Behaviors Increase Risk of Cardiovascular Disease Mortality in Men},
		year = {2010},
		url = {http://apps.who.int/iris/bitstream/10665/79059/1/WHO_DCO_WHD_2013.2_eng.pdf}
		}
		
@ONLINE{15,
		author = {World Health Organization},
		title = {Sedentary Behaviors Increase Risk of Cardiovascular Disease Mortality in Men},
		year = {2010},
		url = {http://www.who.int/mediacentre/factsheets/fs317/en/index.html}
		}

@ONLINE{17,
		author = {Risk Due to Inactivity in Physically Capable Older Adults},
		title = {Health benefits of physical activity: the evidence},
		year = {2006},
		url = {http://www.cmaj.ca/content/174/6/801.full.pdf+html}
		}

@BOOK{11,
		author = {Ian H. Gotlib, Constance L. Hammen},
		title = {Epidemiology of Depression},
		year = {1993},
		url = {http://www.cmaj.ca/content/174/6/801.full.pdf+html}
		}
		
@BOOK{12,
		author = {World Health Organization},
		title = {Depression},
		month = {October},
		year = {2012},
		url = {http://www.who.int/mediacentre/factsheets/fs369/en/index.html}
		}
@BOOK{13,
		author = {Epidemiology of Depression},
		title = {Health benefits of physical activity: the evidence},
		year = {1993},
		url = {http://www.cmaj.ca/content/174/6/801.full.pdf+html}
		}

@ONLINE{18,
		author = {World Health Organization},
		title = {Obesity and overweight},
		month = Mar,
		year = {2013},
		url = {http://www.who.int/mediacentre/factsheets/fs311/en/}
		}

@ONLINE{19,
		author = {Stanford School of Medicine},
		title = {Sedentary Behavior – Too much sitting appears to be a major health risk},
		month = sept,
		year = {2013},
		url = {http://wockets.stanford.edu/sedentary_behavior.html}
		}
		
@techreport{bikecommute,
		author = {University Transportation Research Container},
		title = {Analysis of Bicycling Trends and Policies in Large North American Cities},
		month = March,
		year = {2011},
		url = {http://www.utrc2.org/sites/default/files/pubs/analysis-bike-final_0.pdf}
		}
		
@ONLINE{23,
		author = {World Health Organization},
		title = {Overweight: Situation and trends},
		year = {2013},
		url = {http://www.who.int/gho/ncd/risk_factors/overweight_text/en/index.html}
		}

@ONLINE{24,
		author = {U.S. Department of Transportation},
		title = {Traffic Safety Facts},
		year = {2013},
		url = {http://www-nrd.nhtsa.dot.gov/Pubs/811743.pdfl}
		}

@ONLINE{25,
		author = {CHARLES KOMANOFF AND MICHAEL J. SMITH},
		title = {THE ONLY GOOD CYCLIST},
		year = {2000},
		url = {http://www.rightofway.org/research/cyclists.pdfl}
		}
		
@ONLINE{WHO:ObesityAndOverweight,
		author = {World Health Organization},
		title = {Obesity and overweight},
		month = Mar,
		year = {2013},
		url = {http://www.who.int/mediacentre/factsheets/fs311/en/}
		}
		
@ONLINE{Netherlands,
		author = {Oortwijn, J.},
		title = {E-bikes boosts bike usage amoung elderly},
		month = Jan,
		year = {2014},
		url = {http://www.bike-eu.com/Sales-Trends/Market-trends/2014/1/E-Bikes-Boosts-Bike-Usage-Among-Elderly-1449549W/}
		}
		
@misc{bolton1895electrical,
		title={Electrical bicycle},
		author={Bolton, O.},
		url={http://www.google.com/patents/US552271},
		year={1895},
		month=dec # "~31",
		publisher={Google Patents},
		note={ US Patent 552,271}
}

@ARTICLE{COLIBI,
		author = {Association of the European Two-Wheeler Parts' and Accessories' Industry},
		title = {Industry and Market Profile},
		journal = {Industry and Market Profile},
		year = {2013}
}

@ONLINE{pike,
		author = {Pike Research},
		title = {Global Market Opportunities, Barriers, Technology Issues, and Demand Forecasts for E-Bicycles, Pedal-Assist Bicycles, and E-Bicycle Batteries and Motors},
		year = {2013},
		url = {http://www.navigantresearch.com/research/electric-bicycles}
		}
@ONLINE{kit,
		author = {Currie Tech},
		title = {Currie Electro-Drive Conversion Kit 126},
		year = {2014},
		url = {http://www.currietech.com/bikes-online/currie-electro-drive-conversion-kit-1/}
		}

@ONLINE{mentor,
		author = {MENTORbike},
		title = {EUROBIKE-Award},
		year = {2014},
		url = {http://mentorbike.de/}
		}

@ONLINE{MovAvg,
		author = {Analog Devices},
		title = {Moving Average Filters},
		month = Mar,
		year = {2013},
		url = {http://www.analog.com/static/imported-files/tech_docs/dsp_book_Ch15.pdf}
		}

@ONLINE{gstrap,
		author = {Garmin},
		title = {Soft Premium Heart Rate Strap},
		month = April,
		year = {2013},
		url = {		https://buy.garmin.com/en-US/US/shop-by-accessories/fitness-sensors/soft-strap-premium-heart-rate-monitor/prod15490.html}
		}

@ONLINE{optibike,
		author = {Optibike},
		title = {R8HD Heavy Duty E-Bike},
		year = {2014},
		url = {http://optibike.com/r8hd/‎}
		}


@ONLINE{stealth,
		author = {Stealth Electric Bikes},
		title = {The Bomber Electric Bike},
		year = {2014},
		url = {http://www.stealthelectricbikesusa.com/bomber-electric-bike.html}
		}


@ONLINE{wheel,
		author = {Superpedestrian},
		title = {The Copenhagen Wheel},
		year = {2014},
		url = {https://www.superpedestrian.com/}
		}


@ONLINE{trailz,
		author = {Currie Tech},
		title = {eZip Trailz},
		year = {2014},
		url = {http://www.currietech.com/ezip-ebike-ezip-t-d/}
		}


@ONLINE{turbo,
		author = {Specialized},
		title = {Turbo-S},
		year = {2014},
		url = {http://www.specialized.com/us/en/bikes/ebike/turbo/turbo-s}
		}

@ONLINE{edb,
		author = {EcoBusiness},
		title = {Electric Bike Sales Soar Worldwide},
		year = {2013},
		url = {http://ecowatch.com/2013/11/06/electric-bike-sales-soar-worldwide/}
		}
		
@ONLINE{lightColorLaw,
		author = {CA Department of Motor Vehicles},
		title = { V C Section 25950 Color of Lamps and Reflectors},
		year = {2014},
		url = { https://www.dmv.ca.gov/pubs/vctop/d12/vc25950.htm/}
		}
